<record><leader>00000cas a22000007a 4500</leader><controlfield tag="001">13000133</controlfield><controlfield tag="008">860110d19281969paudn ne      0    0eng d</controlfield><datafield ind1=" " ind2=" " tag="010"><subfield code="a">sn 86083170 </subfield></datafield><datafield ind1=" " ind2=" " tag="040"><subfield code="a">NPH</subfield><subfield code="b">eng</subfield><subfield code="c">NPH</subfield><subfield code="d">OCLCQ</subfield></datafield><datafield ind1=" " ind2=" " tag="042"><subfield code="a">msc</subfield></datafield><datafield ind1="0" ind2="0" tag="245"><subfield code="a">Brownsville telegraph.</subfield></datafield><datafield ind1="3" ind2="0" tag="246"><subfield code="a">Brownsville telegraph and the morning telegraph</subfield></datafield><datafield ind1=" " ind2=" " tag="260"><subfield code="a">Brownsville, Pa. :</subfield><subfield code="b">Brownsville Pub. Co.,</subfield><subfield code="c">1928-1969.</subfield></datafield><datafield ind1=" " ind2=" " tag="300"><subfield code="a">40 v. :</subfield><subfield code="b">ill. ;</subfield><subfield code="c">56 cm.</subfield></datafield><datafield ind1=" " ind2=" " tag="310"><subfield code="a">Daily (except Sunday)</subfield></datafield><datafield ind1="0" ind2=" " tag="362"><subfield code="a">Vol. 14, no. 189 (Sept. 4, 1928)-v. 54, no. 287 (Dec. 11, 1969).</subfield></datafield><datafield ind1=" " ind2=" " tag="500"><subfield code="a">"Serving Fayette, Washington and Greene counties."</subfield></datafield><datafield ind1=" " ind2=" " tag="500"><subfield code="a">Sometimes bears other title information: "formerly Brownsville evening telegraph."</subfield></datafield><datafield ind1=" " ind2=" " tag="500"><subfield code="a">"And the morning telegraph" appears below title on masthead, &lt;Dec. 27, 1928&gt;.</subfield></datafield><datafield ind1=" " ind2=" " tag="752"><subfield code="a">United States</subfield><subfield code="b">Pennsylvania</subfield><subfield code="c">Fayette</subfield><subfield code="d">Brownsville.</subfield></datafield><datafield ind1=" " ind2=" " tag="752"><subfield code="a">United States</subfield><subfield code="b">Pennsylvania</subfield><subfield code="c">Washington.</subfield></datafield><datafield ind1=" " ind2=" " tag="752"><subfield code="a">United States</subfield><subfield code="b">Pennsylvania</subfield><subfield code="c">Greene.</subfield></datafield><datafield ind1="0" ind2=" " tag="775"><subfield code="t">Morning telegraph (Brownsville, Pa.)</subfield><subfield code="w">(DLC)sn 87080447</subfield></datafield><datafield ind1="0" ind2="0" tag="780"><subfield code="t">Brownsville evening telegraph</subfield><subfield code="w">(DLC)sn 87080448</subfield></datafield><datafield ind1="0" ind2="0" tag="785"><subfield code="t">Telegraph (Brownsville, Pa.)</subfield><subfield code="w">(DLC)sn 87080185</subfield></datafield></record>